\emergencystretch=1.5em

@article{macroparasitesmc,
author={Drovandi,C. C. and Pettitt,A. N.},
year={2011},
title={Estimation of {P}arameters for {M}acroparasite {P}opulation {E}volution {U}sing {A}pproximate {B}ayesian {C}omputation},
journal={Biometrics},
volume={67},
number={1},
pages={225--233}
}	


@article{drovandi2015,
author = "Drovandi, Christopher C. and Pettitt, Anthony N. and Lee, Anthony",
doi = "10.1214/14-STS498",
fjournal = "Statistical Science",
journal = "Statist. Sci.",
month = "02",
number = "1",
pages = "72--95",
publisher = "The Institute of Mathematical Statistics",
title = "Bayesian Indirect Inference Using a Parametric Auxiliary Model",
url = "https://doi.org/10.1214/14-STS498",
volume = "30",
year = "2015"
}
	
@article{beaumont,
author = { M. Beaumont and W. Zhang and D. Balding},
year = {2002},
title={Approximate {B}ayesian {C}omputation in {P}opulation {G}enetics},
journal={Genetics},
volume={162},
pages={2025--2035}
}

@article{marjoram,
author = {P. Marjoram and J. Molitor and V. Plagonal and S. Tavare},
year = {2003},
title = {Markov Chain Monte Carlo without Likelihoods},
journal = {Proceedings of the National Academy of Sciences of the United States of America},
volume={100},
pages={15324--15328}
}

@article{metropolis,
author = {N. Metropolis and A. Rosenbluth and M. Rosenbluth and A. Teller},
year = {1953},
title = {Equation of State Calculations by Fast Computing Machines},
journal = {The Journal of Chemical Physics },
volume = {21},
pages={1087--1092}
}

@article{tierney,
author={L. Tierney},
year={1994},
title={Markov Chains for Exploring Posterior Distributions},
journal={The Annals of Statistics},
volume={22},
issue={4},
pages={1701--1728}
}

@article{hastings,
author = {W. Hastings},
year = {1970},
title = {Monte Carlo Sampling Methods Using Markov Chains and Their Applications},
journal={Biometrika},
volume={57},
pages={97--109}
}

@article{nunes,
author = {M. Nunes and J. Balding},
year = {2010},
title = {On Optimal Selection of Summary Statistics for Approximate Bayesian Computation},
journal = {Statistical Applications in Genetics and Molecular Biology},
volume={9}
}

@article{sisson,
author = {S. Sisson, Y. Fan, M. Tanaka},
year = {2007},
title = {Sequential Monte Carlo without Likelihoods},
journal = {Proceedings of the National Academy of Sciences of the United States of America},
volume = {106},
pages={16889--16990}
}

@article{picchini, 
author = {U. Picchini and J. Forman},
year = {2014},
title = {Accelerating inference for diffusions observed with measurement error and large sample sizes using Approximate Bayesian Computation},
publication = {arXiv:1310.0973v3 }
}

@article{chopin,
author = {N. Chopin},
year = {2002},
title = {A Sequential Particle Filter Method for Static Models},
journal = {Biometrika},
volume = {89},
pages = {539--552}
}

@article{delmoral,
author = {P. Del Moral and A. Doucet and A. Jasra},
year = {2006},
title={Sequential Monte Carlo Samplers},
journal = {Royal Statistical Society},
volume={68},
pages={411--436}
}

@article{nguyen2016,
author={T. Nguyen and F. Septier and G. Peters and Y. Delignon},
year = {2016},
title={Efficient sequential Monte-Carlo samplers for Bayesian inference},
journal={IEEE Transactions on Signal Processing},
volume = {64},
issue={5},
pages={1305--1319}
}

@article{gramacy,
author = {R. Gramacy and R. Samworth and R. King},
year = {2010},
title = {Importance Tempering},
journal = {Statistics and Computing},
volume = {20},
issue = {1},
pages = {1--7}
}

@article{nguyen2014,
author={T. Nguyen and F. Septier and G. Peters and Y. Delignon},
year={2014},
title={Improve SMC Sampler Estimate by Recycling All Past Simulated Particles},
journal={Statistical Signal Processing},
pages={117--120}
}

@article{rayner,
author={G. Rayner and H. MacGillivray},
title={Numerical maximum likelihood estimation for the g-and-k and generalized g-and-h distributions},
journal = {Statistics and Computing},
year = {2002},
pages={57--75}
}

@article{ortiz,
author = {L. Ortiz and L. Kaelbling},
year= {2000},
title={Adaptive Importance Sampling for Estimation in Structured Domains},
journal={Proceedings of the Sixteenth Annual Conference on Uncertainty in Artificial Intelligence},
pages={446--454}
}

@unpublished{quteprints101729,
          author = {Leah F. South and Anthony N. Pettitt and Christopher C. Drovandi},
           title = {Sequential Monte Carlo for static Bayesian models with independent MCMC proposals},
            year = {2016},
             url = {https://eprints.qut.edu.au/101729/},
}

@misc{drovandilecturenotes,
author = {C. Drovandi and G. White and C. Ryan and N. White},
title = {Computational Bayesian Statistics},
year = {2015},
publisher = {School of Mathematical Sciences Queensland University of Technology}
}


|